@online{poc,
    author    = "RNDr. Petr Říha, Ing. Luboš Klaška",
    title     = "Slovník počítačové informatiky a sítí",
    urldate = {2017-05-06},
    url       = "http://www.svetsiti.cz/slovnik.asp?hid=Proof-of-Concept",
}

@manual{vivepre,
    title="Vive PRE User Guide",
    publisher="HTC Corporation, Valve Corporation",
    urldate = {2017-05-06},
    year="2016"
}

@article{vracise,
    author    = "Prokop Vodrážka, Jakub Plíhal",
    publisher = "Magazín Aktuálně.cz",
    title     = "Vrací se fenomén 90. let. Herny virtuální reality nahradily ty počítačové, ukazují budoucnost zábavy",
    urldate = {2017-05-06},
    url       = "https://magazin.aktualne.cz/vraci-se-fenomen-90-let-herny-virtualni-reality-nahradily-ty/r~238ce914a0e211e6bcb60025900fea04/"
}

@article{valvelaunch,
    author    = "Alex Wawro",
    publisher = "Magazín Gamasutra",
    title     = "Valve launches new OpenVR SDK to expand SteamVR development",
    urldate = {2017-05-06},
    url       = "http://www.gamasutra.com/view/news/242401/Valve_launches_new_OpenVR_SDK_to_expand_SteamVR_development.php"
}

@article{cojeengine,
    publisher = "Českémódy.cz",
    title     = "Co je to herní engine",
    urldate = {2017-05-06},
    url       = "http://www.ceskemody.cz/clanky.php?clanek=56"
}

@manual{stbrprtc,
    title     = "Valve Developer Community -- Steam browser protocol documentation",
    url       = "https://developer.valvesoftware.com/wiki/Steam_browser_protocol",
    publisher="Valve Corporation",
    urldate = {2017-05-06},
    year="2016"
}

@manual{openvrapi,
    title     = "OpenVR API Documentation",
    url       = "https://github.com/ValveSoftware/openvr/wiki/API-Documentation",
    publisher="Valve Corporation",
    urldate = {2017-05-06},
    year="2016"
}
