@article{herny,
	author = {Herajt, Jan},
	journaltitle = {Doupě.cz},
	title = {{V České republice vyrůstají nové virtuální herny}},
	url = {https://doupe.zive.cz/clanek/v-ceske-republice-vyrustaji-nove-virtualni-herny},
	urldate = {2017-04-26},
	year = {2016},
}

@online{ovr,
	author = {{Ignis VR}},
	title = {{What is virtual reality?}},
	url = {http://ignisvr.com/about-virtual-reality/},
	urldate = {2017-04-27},
	year = {2015},
}

@online{vrdef,
	author = {{Dictionary.com}},
	title = {{Virtual reality definition}},
	url = {http://www.dictionary.com/browse/virtual--reality},
	urldate = {2017-04-26},
}

@online{vrusage,
	author = {{Virtual Reality Society}},
	title = {{Applications Of Virtual Reality}},
	url = {https://www.vrs.org.uk/virtual-reality-applications/},
	urldate = {2017-04-26},
}

@article{oldvr,
	author = {Brockwell, Holly},
	journaltitle = {TechRadar},
	title = {{Forgotten genius: the man who made a working VR machine in 1957}},
	url = {http://www.techradar.com/news/wearables/forgotten-genius-the-man-who-made-a-working-vr-machine-in-1957-1318253/2},
	urldate = {2017-04-27},
	year = {2016},
}

@article{vrtech,
	author = {Janů, Stanislav},
	journaltitle = {Živě.cz},
	title = {{Nvidia spustila program VR Ready. Označí sestavy vhodné pro virtuální realitu}},
	url = {http://www.zive.cz/bleskovky/nvidia-spustila-program-vr-ready-oznaci-sestavy-vhodne-pro-virtualni-realitu/sc-4-a-180944/default.aspx},
	urldate = {2017-05-01},
	year = {2016},
}

@article{vivepopular,
	author = {Higgins, Chris},
	journaltitle = {PC Games News},
	title = {{Steam hardware stats show Vive surging ahead of Rift units in popularity}},
	url = {https://www.pcgamesn.com/vr-steam-hardware-oculus-rift-vive-ownership-may},
	urldate = {2017-05-01},
	year = {2016},
}

@article{vivespec,
	author = {{Autoři Digital Trends}},
	journaltitle = {Digital Trends},
	title = {{Spec Comparison: Does the Rift's Touch Update Make it a True Vive Competitor?}},
	url = {https://www.digitaltrends.com/virtual-reality/oculus-rift-vs-htc-vive/},
	urldate = {2017-05-01},
	year = {2016},
}

@online{viveprice,
	author = {{Heureka.cz}},
	title = {{Produkt HTC Vive}},
	url = {https://bryle-pro-virtualni-realitu.heureka.cz/htc-vive/},
	urldate = {2017-05-02},
}

@article{steamvrsupports,
	author = {Kuchera, Ben},
	journaltitle = {Polygon},
	title = {{How Valve puts SteamVR games onto the Oculus Rift}},
	url = {https://www.polygon.com/2016/12/9/13902788/how-valve-puts-steamvr-games-onto-the-oculus-rift},
	urldate = {2017-05-02},
	year = {2016},
}

@article{ladiespreferences,
	author = {Robertson, Adi},
	journaltitle = {The Verge},
	title = {{Building for virtual reality? Don't forget about women}},
	url = {https://www.theverge.com/2016/1/11/10749932/vr-hardware-needs-to-fit-women-too},
	urldate = {2017-05-03},
	year = {2016},
}

@online{unitypopularity,
	author = {{Unity Technologies}},
	title = {{Unity: Fast Facts}},
	url = {https://unity3d.com/public-relations},
	urldate = {2017-05-03},
}

@article{unitylanguages,
	author = {{Unity Blogs}},
	title = {{Documentation, Unity scripting languages and you}},
	url = {https://blogs.unity3d.com/2014/09/03/documentation-unity-scripting-languages-and-you/},
	urldate = {2017-05-03},
	year = {2014},
}

@online{languagesresearch1,
	author = {{Unity Answers}},
	title = {{Which programmming languages I should learn first?}},
	url = {http://answers.unity3d.com/questions/43850/which-programming-languages-i-should-learn-first-t.html},
	urldate = {2017-05-03},
}

@online{languagesresearch2,
	author = {{Unity Forums}},
	title = {{Best programming language in Unity?}},
	url = {https://forum.unity3d.com/threads/best-programming-language-in-unity.43150/},
	urldate = {2017-05-03},
}

@online{languagesresearch3,
	author = {{Unity Answers}},
	title = {{What language can Unity3D use best?}},
	url = {http://answers.unity3d.com/questions/369104/what-language-can-unity3d-use-best.html},
	urldate = {2017-05-03},
}

@online{proofofconcept,
	author = {Říha, Petr},
	title = {{Slovník počítačové informatiky a sítí}},
	url = {http://www.svetsiti.cz/slovnik.asp?hid=Proof-of-Concept},
	urldate = {2017-05-01},
}

@online{steamworks,
	author = {{Valve Software}},
	title = {{Steamworks}},
	url = {http://www.steampowered.com/steamworks/},
	urldate = {2017-05-01},
}

@online{steamwebapi,
	author = {{Valve Software}},
	title = {{Steam Web API}},
	url = {https://developer.valvesoftware.com/wiki/Steam_Web_API},
	urldate = {2017-05-01},
}

@online{hardgamedetection,
	author = {{Stack Overflow}},
	title = {{Retrieve a list of installed games from the Steam API}},
	url = {http://stackoverflow.com/questions/33662175/retrieve-a-list-of-installed-games-from-the-steam-api},
	urldate = {2017-05-07},
	year = {yr},
}

@online{protocoldocs,
	author = {{Steam Developer Community}},
	title = {{Steam Browser Protocol}},
	url = {https://developer.valvesoftware.com/wiki/Steam_browser_protocol},
	urldate = {2017-05-07},
}

@online{openvr,
	author = {{Valve Software}},
	title = {{OpenVR}},
	url = {https://github.com/ValveSoftware/openvr},
	urldate = {2017-05-07},
}

@online{openvrdocs,
	author = {{Valve Software}},
	title = {{OpenVR Dokumentace}},
	url = {https://github.com/ValveSoftware/openvr/wiki},
	urldate = {2017-05-07},
}

@online{unityscenes,
	author = {{Unity Technologies}},
	title = {{Unity Manual: Scenes}},
	url = {https://docs.unity3d.com/Manual/CreatingScenes.html},
	urldate = {2017-05-07},
}

@online{subrip,
	author = {{Matroška}},
	title = {{SRT Subtitles}},
	url = {https://www.matroska.org/technical/specs/subtitles/srt.html},
	urldate = {2017-05-07},
}

@online{openvrhidden,
	author = {{Valve Software}},
	title = {{OpenVR Source Code: Soubor openvr.h}},
	url = {https://github.com/ValveSoftware/openvr/blob/master/headers/openvr.h#L1569-L1700},
	urldate = {2017-05-07},
}

@article{viveportasia,
	author = {Brown, Matt},
	journaltitle = {VR Heads},
	title = {{SteamVR vs Viveport: Which one is for you?}},
	url = {https://www.vrheads.com/steamvr-vs-viveport},
	urldate = {2017-05-07},
	year = {2017},
}

@online{tomshardw,
	author = {{Tom's hardware}},
	title = {{The HTC Vive Review}},
	url = {http://www.tomshardware.com/reviews/htc-vive-virtual-reality-hmd,4519-8.html},
	urldate = {2017-05-10},
}

@online{virtualboypic,
	author = {{Musée Bolo}},
	title = {{Virtual Boy game console.}},
	url = {https://commons.wikimedia.org/wiki/File:Virtual_Boy_IMG_1661.jpg},
	urldate = {2017-05-10},
	year = {2016}
}

@online{htcvivepre,
	author = {{ETC-USC}},
	title = {{HTC's new Vive Pre virtual reality system}},
	url = {https://commons.wikimedia.org/wiki/File:Vive_pre.jpeg},
	urldate = {2017-05-07},
	year = {2016}
}

@manual{htcvivemanual,
	author = {{HTC Corporation}, {Valve Software}},
	title = {{Vive User Guide}},
	year = {2016}
}